%% This BibTeX bibliography file was created using BibDesk.
%% http://bibdesk.sourceforge.net/


%% Created for Lauro Cesar Araujo at 2013-04-05 08:03:49 -0300 


%% Saved with string encoding Unicode (UTF-8) 

	
@book{art1,
    Author = {CASTILHO, Marcos et al.},
	Date-Added = {2017-25-11 12:06:04 +0000},
	Date-Modified = {2017-25-11 12:06:56 +0000},
	Month = {11},
	Title = {Guia rápido de referência da linguagem Pascal: Versão Free Pascal.},
	publisher = {Universidade Federal do Paraná},
	Url = {http://www.inf.ufpr.br/cursos/ci055/pascal.pdf},
	Urlaccessdate = {25.11.2017},
	Year = {2009}
}

@book{art2,
    Author = {FONSECA, Iguatemi Eduardo da; ALEXANDRE, Eduardo de Santana Medeiros.},
	Date-Added = {2017-25-11 13:06:04 +0000},
	Date-Modified = {2017-25-11 13:06:56 +0000},
	Month = {11},
	Title = {Linguagem de Programação I: Programação Estruturada usando C},
	address = {João Pessoa},
	publisher = {Editora da Universidade Federal da Paraíba},
	Url = {http://producao.virtual.ufpb.br/books/edusantana/linguagem-de-programacao-i-livro/livro/livro.pdf},
	Urlaccessdate = {25.11.2017},
	Year = {2014}
}

@book{art3,
    Author = {CLARO, Daniela Barreiro; SOBRAL, João Bosco Mangueira.},
	Date-Added = {2017-25-11 13:06:04 +0000},
	Date-Modified = {2017-25-11 13:06:56 +0000},
	Month = {11},
	Title = {Programação em JAVA},
	address = {Florianópolis},
	publisher = {Copyleft Pearson Education},
	Url = {http://www.carlosmatos.com.br/images/noticias/1157/arquivo.pdf},
	Urlaccessdate = {25.11.2017},
	Year = {2008}
}

@book{art4,
    Author = {LABAKI, Josué.},
	Date-Added = {2017-25-11 13:06:04 +0000},
	Date-Modified = {2017-25-11 13:06:56 +0000},
	Month = {11},
	Title = {Introdução a Python: Módulo A},
	address = {Ilha Solteira},
	publisher = {Grupo Python Universidade Estadual Paulista},
	Url = {http://www.dcc.ufrj.br/~fabiom/python/pythonbasico.pdf},
	Urlaccessdate = {25.11.2017},
	Year = {20--}
}

@book{art5,
    Author = {FOLEISS, Juliano Henrique.},
	Date-Added = {2017-25-11 13:06:04 +0000},
	Date-Modified = {2017-25-11 13:06:56 +0000},
	Month = {11},
	Title = {Análise de Algoritmos – Aula 1},
	address = {Campo Mourão},
	publisher = {Universidade Tecnológica Federal do Paraná},
	Year = {20--}
}

@book{art6,
    Author = {BORRADAILE, Glencora.},
	Date-Added = {2017-25-11 13:06:04 +0000},
	Date-Modified = {2017-25-11 13:06:56 +0000},
	Month = {11},
	Title = {Test your knowledge: Solve the max subarray problem 4 ways},
	address = {Corvallis, EUA},
	publisher = {Oregon State University},
	Url = {https://web.engr.oregonstate.edu/~glencora/wiki/uploads/max-subarray-project.pdf},
	Urlaccessdate = {23.11.2017},
	Year = {20--}
}

@book{art7,
    Author = {FOLEISS, Juliano Henrique.},
	Date-Added = {2017-25-11 13:06:04 +0000},
	Date-Modified = {2017-25-11 13:06:56 +0000},
	Month = {11},
	Title = {Análise de Algoritmos – Aula 10},
	address = {Campo Mourão},
	publisher = {Universidade Tecnológica Federal do Paraná},
	Year = {20--}
}

@book{art8,
    Author = {FABRO, João Alberto.},
	Date-Added = {2017-25-11 13:06:04 +0000},
	Date-Modified = {2017-25-11 13:06:56 +0000},
	Month = {11},
	Title = {Análise Empírica de Algoritmos},
	address = {Curitiba},
	publisher = {Universidade Tecnológica Federal do Paraná},
	Url = {http://www.dainf.ct.utfpr.edu.br/~fabro/IF64C/Analise_Empirica_de_AlgoritmosOK.pdf},
	Urlaccessdate = {23.11.2017},
	year={2009}
}
